
@article{science,
	author = {Patrick Gerland and Adrian E. Raftery and Hana and Nan Li and Danan Gu and Thomas Spoorenberg and Leontine Alkema and Bailey K. Fosdick and Jennifer Chunn and Nevena Lalic and Guiomar Bay and Thomas Buettner and Gerhard K. Heilig and John Wilmoth},
	journal = {Science},
	number = {6206},
	pages = {234-237},
	title = {World population stabilization unlikely this century},
	volume = {346},
	year = {2014}}

@misc{WHO, 
title={Ageing and Health}, 
url={https://www.who.int/news-room/fact-sheets/detail/ageing-and-health}, 
journal={World Health Organization}, 
publisher={World Health Organization: WHO}, 
author={{World Health Organization}}, 
year={2022}, 
month={Oct} }

@article{GaussianProcess,
  title={Bayesian non-parametrics and the probabilistic approach to modelling},
  author={Ghahramani, Zoubin},
  journal={Philosophical Transactions of the Royal Society A: Mathematical, Physical and Engineering Sciences},
  volume={371},
  number={1984},
  pages={20110553},
  year={2013},
  publisher={The Royal Society Publishing}
}

@article{publicservicesstrain,
  title={Population ageing in the United States of America: implications for public programmes},
  author={Wiener, Joshua M and Tilly, Jane},
  journal={International journal of epidemiology},
  volume={31},
  number={4},
  pages={776--781},
  year={2002},
  publisher={Oxford University Press}
}

@article{twinthreats,
  title={The twin threats of aging and automation},
  author={Basu, Meghna and Sung, P and Hedrich, W and Chacko, L},
  journal={Marsch \& McLennan Companies, Mercer},
  year={2018}
}

@article{futureofemployment,
  title={The future of employment},
  author={Frey, Carl Benedikt and Osborne, Michael},
  year={2013},
  publisher={Oxford}
}
â€Œ


