
@article{science,
	author = {Patrick Gerland and Adrian E. Raftery and Hana and Nan Li and Danan Gu and Thomas Spoorenberg and Leontine Alkema and Bailey K. Fosdick and Jennifer Chunn and Nevena Lalic and Guiomar Bay and Thomas Buettner and Gerhard K. Heilig and John Wilmoth},
	journal = {Science},
	number = {6206},
	pages = {234-237},
	title = {World population stabilization unlikely this century},
	volume = {346},
	year = {2014}}

@misc{WHO, 
title={Ageing and Health}, 
url={https://www.who.int/news-room/fact-sheets/detail/ageing-and-health}, 
journal={World Health Organization}, 
publisher={World Health Organization: WHO}, 
author={{World Health Organization}}, 
year={2022}, 
month={Oct} }

@article{GaussianProcess,
  title={Bayesian non-parametrics and the probabilistic approach to modelling},
  author={Ghahramani, Zoubin},
  journal={Philosophical Transactions of the Royal Society A: Mathematical, Physical and Engineering Sciences},
  volume={371},
  number={1984},
  pages={20110553},
  year={2013},
  publisher={The Royal Society Publishing}
}

@article{publicservicesstrain,
  title={Population ageing in the United States of America: implications for public programmes},
  author={Wiener, Joshua M and Tilly, Jane},
  journal={International journal of epidemiology},
  volume={31},
  number={4},
  pages={776--781},
  year={2002},
  publisher={Oxford University Press}
}

@article{twinthreats,
  title={The twin threats of aging and automation},
  author={Basu, Meghna and Sung, P and Hedrich, W and Chacko, L},
  journal={Marsch \& McLennan Companies, Mercer},
  year={2018}
}

@article{futureofemployment,
  title={The future of employment},
  author={Frey, Carl Benedikt and Osborne, Michael},
  year={2013},
  publisher={Oxford}
}
‌

@article{covid2020unemployment,
  title={Unemployment rate in Poland and USA during COVID-19 pandemic: a case study},
  author={Kozicki, Bartosz and Gornikiewicz, Marcin},
  year={2020},
  publisher={University of Piraeus. International Strategic Management Association}
}

@misc{congresscovidunemployment,
title={Unemployment Rates During the COVID-19 Pandemic}, 
url={https://crsreports.congress.gov/product/pdf/R/R46554}, 
journal={Congressional Research Service}, 
publisher={Congressional Research Service}, 
author={Falk, Gene and Nicchitta, Isaac A. and Romero, Paul  D. and Nyhof, Emma  C.}, 
year={2021}, 
month={Aug}} 

@misc{who2010definition,
title={Definition of an older or elderly person},
author={World Health Organization and others},
year={2010}
}

@article{orimo2006reviewing,
  title={Reviewing the definition of “elderly”},
  author={Orimo, Hajime and Ito, Hideki and Suzuki, Takao and Araki, Atsushi and Hosoi, Takayuki and Sawabe, Motoji},
  journal={Geriatrics \& gerontology international},
  volume={6},
  number={3},
  pages={149--158},
  year={2006},
  publisher={Wiley Online Library}
}

@article{levine2013modeling,
  title={Modeling the rate of senescence: can estimated biological age predict mortality more accurately than chronological age?},
  author={Levine, Morgan E},
  journal={Journals of Gerontology Series A: Biomedical Sciences and Medical Sciences},
  volume={68},
  number={6},
  pages={667--674},
  year={2013},
  publisher={Oxford University Press US}
}

@book{ageingculture,
  doi = {10.1093/acref/9780198568506.001.0001},
  url = {https://doi.org/10.1093/acref/9780198568506.001.0001},
  year = {2006},
  month = jan,
  publisher = {Oxford University Press},
  title = {The Oxford Dictionary of Sports Science \& Medicine}
}

@article{biologicalagedifficult,
  title={An empirical comparative study on biological age estimation algorithms with an application of Work Ability Index (WAI)},
  author={Cho, Il Haeng and Park, Kyung S and Lim, Chang Joo},
  journal={Mechanisms of ageing and development},
  volume={131},
  number={2},
  pages={69--78},
  year={2010},
  publisher={Elsevier}
}

@article{hayflick2007biological,
  title={Biological aging is no longer an unsolved problem},
  author={Hayflick, Leonard},
  journal={Annals of the New York academy of Sciences},
  volume={1100},
  number={1},
  pages={1--13},
  year={2007},
  publisher={Wiley Online Library}
}

@article{KotterGrhn2015,
  doi = {10.1159/000438671},
  url = {https://doi.org/10.1159/000438671},
  year = {2015},
  month = aug,
  publisher = {S. Karger {AG}},
  volume = {62},
  number = {1},
  pages = {86--93},
  author = {Dana Kotter-Gr\"{u}hn and Anna E. Kornadt and Yannick Stephan},
  title = {Looking Beyond Chronological Age: Current Knowledge and Future Directions in the Study of Subjective Age},
  journal = {Gerontology}
}


@article{SOTOPEREZDECELIS2018e305,
	author = {Enrique Soto-Perez-de-Celis and Daneng Li and Yuan Yuan and Yat Ming Lau and Arti Hurria},
	doi = {https://doi.org/10.1016/S1470-2045(18)30348-6},
	issn = {1470-2045},
	journal = {The Lancet Oncology},
	number = {6},
	pages = {e305-e316},
	title = {Functional versus chronological age: geriatric assessments to guide decision making in older patients with cancer},
	url = {https://www.sciencedirect.com/science/article/pii/S1470204518303486},
	volume = {19},
	year = {2018},
	Bdsk-Url-1 = {https://www.sciencedirect.com/science/article/pii/S1470204518303486},
	Bdsk-Url-2 = {https://doi.org/10.1016/S1470-2045(18)30348-6}}

  @article{klemera2006new,
  title={A new approach to the concept and computation of biological age},
  author={Klemera, Petr and Doubal, Stanislav},
  journal={Mechanisms of ageing and development},
  volume={127},
  number={3},
  pages={240--248},
  year={2006},
  publisher={Elsevier}
}

 @misc{oecddata, 
 title={Elderly Population}, 
 url={https://data.oecd.org/pop/elderly-population.htm}, 
 journal={OECD Data}, 
 publisher={OECD}} 

@article{jylhava2017biological,
  title={Biological age predictors},
  author={Jylh{\"a}v{\"a}, Juulia and Pedersen, Nancy L and H{\"a}gg, Sara},
  journal={EBioMedicine},
  volume={21},
  pages={29--36},
  year={2017},
  publisher={Elsevier}
}